# usual conference paper citation
@inproceedings{Diffie1976,
    author = {Diffie, Whitfield and Hellman, Martin E.},
    title = {Multiuser cryptographic techniques},
    booktitle = {Proceedings of the June 7-10, 1976, national computer conference and exposition},
    series = {AFIPS '76},
    year = {1976},
    location = {New York, New York},
    pages = {109--112},
    numpages = {4},
    url = {http://doi.acm.org/10.1145/1499799.1499815},
    doi = {http://doi.acm.org/10.1145/1499799.1499815},
    acmid = {1499815},
    publisher = {ACM},
    address = {New York, NY, USA},
}

# if you find yourself needing to quote a website
@misc{ghstats,
    key={GitHub},
    title={{Top Languages | GitHub}},
    url={https://github.com/languages},
    howpublished={Retrieved April 10, 2011 from \url{https://github.com/languages}},
}

@misc{tiobe,
    key={TIOBE},
    title={{TIOBE Software | Tiobe Index}},
    url={http://www.tiobe.com/index.php/content/paperinfo/tpci/index.html},
    howpublished={Retrieved April 10, 2011 from \url{http://www.tiobe.com/index.php/content/paperinfo/tpci/index.html}},
}

@misc{tlpi,
    key={TLPI},
    title={{The Transparent Language Popularity Index}},
    url={http://lang-index.sourceforge.net/},
    howpublished={Retrieved April 10, 2011 from \url{http://lang-index.sourceforge.net/}},
}

@article{ecmascriptiso,
    key={ECMA},
    author={ECMAScript},
    year={1998},
    title={{ISO/IEC 16262: 19 98}},
    journal={ECMAScript Language Specification at \url{http://www.ecma.ch/ecma1/STAND/ECMA-262.HTM}},
}

@misc{node,
    key={Node},
    title={{Node.js}},
    url={http://nodejs.org/},
    howpublished={\url{http://nodejs.org/}}
}

@misc{sprout,
    key={SproutCore},
    title={{SproutCore}},
    url={http://www.sproutcore.com/},
    howpublished={\url{http://www.sproutcore.com/}}
}

@misc{webpy,
    key={web.py},
    title={{web.py}},
    url={http://webpy.org/},
    howpublished={\url{http://webpy.org/}}
}

@misc{mustache,
    key={Mustache},
    title={{Mustache - Logic-less templates.}},
    url={http://mustache.github.com/},
    howpublished={\url{http://mustache.github.com/}}
}

@misc{redis,
    key={Redis},
    title={Redis},
    url={http://redis.io/},
    howpublished={\url{http://redis.io/}}
}

@book{restful,
    author={Leonard Richardson and Sam Ruby},
    title={{RESTful Web Services}},
    publisher={{O'Reilly Media}},
    year={2008},
    month={May},
    isbn={978-0-596-15835-4}
}

@misc{rfc2616,
    author={R. Fielding and J. Gettys and J. Mogul and H. Frystyk and L. Masinter and P. Leach and T. Berners-Lee},
    title={Hypertext Transfer Protocol -- HTTP/1.1},
    series={Request for Comments},
    number={2616},
    howpublished={RFC 2616 (Draft Standard)},
    publisher={IETF},
    organization={Internet Engineering Task Force},
    year={1999},
    month={June},
    note={Updated by RFCs 2817, 5785},
    url={http://www.ietf.org/rfc/rfc2616.txt}
}

@conference{flyhtml,
    title={{HTML templates that fly: a template engine approach to automated offloading from server to client}},
    author={Tatsubori, M. and Suzumura, T.},
    booktitle={Proceedings of the 18th international conference on World wide web},
    pages={951--960},
    year={2009},
    organization={ACM}
}

@misc{rhinohist,
    key={Rhino},
    title={Rhino history},
    url={http://www.mozilla.org/rhino/history.html},
    howpublished={Retrieved April 13, 2011 from \url{http://www.mozilla.org/rhino/history.html}}
}

@misc{compworld,
    key={ComputerWorld},
    title={Chrome buries Windows rivals in browser drag race},
    url={http://www.computerworld.com/s/article/9138331/Chrome_buries_Windows_rivals_in_browser_drag_race},
    howpublished={Retrieved April 13, 2011 from \url{http://www.computerworld.com/s/article/9138331/Chrome_buries_Windows_rivals_in_browser_drag_race}}
}

@conference{synckit,
    title={{Sync kit: a persistent client-side database caching toolkit for data intensive websites}},
    author={Benson, E. and Marcus, A. and Karger, D. and Madden, S.},
    booktitle={Proceedings of the 19th international conference on World wide web},
    pages={121--130},
    year={2010},
    organization={ACM}
}

@conference{suzumura,
    title={{Highly scalable web applications with zero-copy data transfer}},
    author={Suzumura, T. and Tatsubori, M. and Trent, S. and Tozawa, A. and Onodera, T.},
    booktitle={Proceedings of the 18th international conference on World wide web},
    pages={921--930},
    year={2009},
    organization={ACM}
}

@misc{v8,
    key={V8},
    title={{V8 JavaScript Engine}},
    url={http://code.google.com/p/v8/},
    howpublished={Retrieved April 13, 2011 from \url{http://code.google.com/p/v8/}}
}

@conference{jsmeter,
    title={{JSMeter: Comparing the behavior of JavaScript benchmarks with real Web applications}},
    author={Ratanaworabhan, P. and Livshits, B. and Zorn, B.G.},
    booktitle={Proceedings of the 2010 USENIX conference on Web application development},
    pages={3--3},
    year={2010},
    organization={USENIX Association}
}

@misc{ericday,
    title={{Scale Stack vs node.js vs Twisted vs Eventlet}},
    author={Eric Day},
    year={2010},
    month={July},
    url={http://oddments.org/?p=494},
    howpublished={Retrieved April 13, 2011 from \url{http://oddments.org/?p=494}}
}

@misc{nodevsringo,
    author={George Moschovitis},
    title={{RingoJS vs NodeJS}},
    year={2010},
    month={June},
    url={http://www.gmosx.com/blog/agVnbW9zeHIPCxIHQXJ0aWNsZRjh2gEM/},
    howpublished={Retriever April 13, 2011 from \url{http://www.gmosx.com/blog/agVnbW9zeHIPCxIHQXJ0aWNsZRjh2gEM/}}
}

@misc{nodevserlang,
    author={SyncPad},
    title={{Node.js vs Erlang}},
    year={2010},
    month={December},
    url={http://blog.mysyncpad.com/post/2073441622/node-js-vs-erlang-syncpads-experience},
    howpublished={Retrieved April 13, 2011 from \url{http://blog.mysyncpad.com/post/2073441622/node-js-vs-erlang-syncpads-experience}}
}

@misc{entcris,
    author={Simon Wittber},
    title={{Pyramid vs NodeJS vs Gevent}},
    year={2011},
    month={April},
    url={http://entitycrisis.blogspot.com/2011/04/pyramid-vs-nodejs_08.html},
    howpublished={Retrieved April 13, 2011 from \url{http://entitycrisis.blogspot.com/2011/04/pyramid-vs-nodejs_08.html}}
}

@misc{rfc4627,
  author="D. Crockford",
  title="{The application/json Media Type for JavaScript Object Notation (JSON)}",
  series="Request for Comments",
  number="4627",
  howpublished="RFC 4627 (Informational)",
  publisher="IETF",
  organization="Internet Engineering Task Force",
  year=2006,
  month=jul,
    url="http://www.ietf.org/rfc/rfc4627.txt",
}

@article{lerner2010,
    title={{At the forge: Redis}},
    author={Lerner, R.M.},
    journal={Linux Journal},
    volume={2010},
    number={197},
    pages={5},
    issn={1075-3583},
    year={2010},
    publisher={Specialized Systems Consultants, Inc.}
}

@misc{ab,
    key={ab},
    title={{ab - Apache HTTP server benchmarking tool}},
    url={http://httpd.apache.org/docs/2.0/programs/ab.html},
    howpublished={\url{http://httpd.apache.org/docs/2.0/programs/ab.html}}
}

@misc{coffee,
    key={CoffeeScript},
    title={{CoffeeScript}},
    url={http://jashkenas.github.com/coffee-script/},
    howpublished={\url{http://jashkenas.github.com/coffee-script/}}
}
